@book{Fundamentos_de_C,
author = {Charles K. Alexander and Matthew N. O. Sadiku},
title = {Fundamentos de circuitos eléctricos},
edition = {5},
publisher = {McGRAW-HILL/INTERAMERICANA EDITORES},
address = {México},
year = {2013}
}

@inbook{Omhkirchhoff,
    author = "Charles K. Alexander and Matthew N. O. Sadiku",
    title = "Fundamentos de circuitos eléctricos",
    publisher = "McGRAW-HILL/INTERAMERICANA EDITORES",
    year = "2013",
    pages = "26--34",
    address = {México},
    chapter = "2"
}

@book{Serwayvol2 ,
author = {Raymond A. Serway and John W. Jewett, Jr.},
title = {FÍSICA para ciencias e ingeniería con Física Moderna},
edition = {7},
volume = {2},
publisher = {Cengage Learning},
address = {México},
year = {2009}
}

@inbook{serway,
    author = "Raymond A. Serway and John W. Jewett, Jr.",
    title = "FÍSICA para ciencias e ingeniería con Física Moderna",
    publisher = "Cengage Learning",
    year = "2009",
    pages = "46--129",
    volume= "2",
    chapter = "4"
}


@Webpage{Thevenin,
         url = {https://www.fisicapractica.com/thevenin.php},
         author = {Desconocido},
         title = {Teorema de Thevenin},
         year = 2024,
         lastchecked ={},
         note = {}
}

@Webpage{corriente,
         url = {https://www.mipodo.com/blog/informacion/que-es-corriente-electrica/},
         author = {Scientific Committees},
         title = {Corriente electrica}
}

@Webpage{condensador,
         url = {https://www.fluke.com/es-co/informacion/blog/electrica/que-es-la-capacitancia/},
         author = {Fluke},
         title = {Capacitancia}

}


@phdthesis{thesis ,
author = {O P Qwerty},
title = {History of the Goofy Layout of Keyboards},
publisher = {Podunk University Arcana Department},
address = {Podunk IN},
year = {1996}
}


@techreport{report ,
author = {Robert Swearingen},
title = {Morpholoty and syntax of British sailors’ English},
series = {Technical Report},
volume = {249},
publisher = {Profanity Institute},
address = {New York NY},
year = {1985}
}



@incollection{collection ,
author = {Tom Upsilon},
title = {Obscure Greek letters and their meanings
in mathematics and the sciences},
editor = {V W Xavier},
booktitle = {Proceedings of the seventh international
trivia conference},
publisher = {Last Resort Publishers},
address = {Philadelphia PA},
year = {1987},
pages = {129--158}
}



@misc{website ,
author = {James Tetazoo},
title = {A brief guide to recreational pyromania},
howpublished = {Available at \url{http://
www.blowinglotsofweirdstuffup.com/guide.html} (2005/06/12)}
}



@unpublished{acceptedpub ,
author = {J Mentor},
title = {Behavior of small animals on fire},
journal = {Nature},
note = {(in press)}
}


@misc{conv ,
author = {Sigmund Freud},
month = {July},
year = {2012},
howpublished = {Personal conversation}
}
